<?xml version="1.0" encoding="UTF-8"?><record xmlns="http://www.loc.gov/MARC21/slim" xmlns:cinclude="http://apache.org/cocoon/include/1.0" xmlns:zs="http://www.loc.gov/zing/srw/">
  <leader>00555nz  a2200133n  4500</leader>
  <controlfield tag="001">no 97068236 </controlfield>
  <controlfield tag="003">DLC</controlfield>
  <controlfield tag="005">19971125051403.7</controlfield>
  <controlfield tag="008">971124n| acannaab|          |n ana     c</controlfield>
  <datafield tag="010" ind1=" " ind2=" ">
    <subfield code="a">no 97068236 </subfield>
  </datafield>
  <datafield tag="035" ind1=" " ind2=" ">
    <subfield code="a">(OCoLC)oca04539748 </subfield>
  </datafield>
  <datafield tag="040" ind1=" " ind2=" ">
    <subfield code="a">OCl</subfield>
    <subfield code="c">OCl</subfield>
  </datafield>
  <datafield tag="110" ind1="2" ind2="0">
    <subfield code="a">Rock and Roll Hall of Fame Foundation</subfield>
  </datafield>
  <datafield tag="670" ind1=" " ind2=" ">
    <subfield code="a">Agreement by and among the Rock and Roll Hall of Fame Foundation, Inc., and the American Contemporary Music Center Development Corporation, and the Rock and Roll Hall of Fame and Museum, Inc., 1989?:</subfield>
    <subfield code="b">t.p. (Rock and Roll Hall of Fame Foundation)</subfield>
  </datafield>
</record>